<record><leader>00000cas a22000007a 4500</leader><controlfield tag="001">14352753</controlfield><controlfield tag="008">861007u1912uuuutxuwr ne      0    0eng d</controlfield><datafield ind1=" " ind2=" " tag="010"><subfield code="a">sn 86089429 </subfield></datafield><datafield ind1=" " ind2=" " tag="040"><subfield code="a">PPM</subfield><subfield code="b">eng</subfield><subfield code="c">PPM</subfield><subfield code="d">OCLCQ</subfield></datafield><datafield ind1=" " ind2=" " tag="042"><subfield code="a">msc</subfield></datafield><datafield ind1="0" ind2="4" tag="245"><subfield code="a">The Shackelford County leader.</subfield></datafield><datafield ind1=" " ind2=" " tag="260"><subfield code="a">Albany, Tex. :</subfield><subfield code="b">Chas. A. Fryar</subfield></datafield><datafield ind1=" " ind2=" " tag="300"><subfield code="a">v. :</subfield><subfield code="b">ill.</subfield></datafield><datafield ind1=" " ind2=" " tag="310"><subfield code="a">Weekly</subfield></datafield><datafield ind1="1" ind2=" " tag="362"><subfield code="a">Began in 1912?</subfield></datafield><datafield ind1=" " ind2=" " tag="588"><subfield code="a">Description based on: Vol. 28, no. 31 (Apr. 17, 1940).</subfield></datafield><datafield ind1=" " ind2=" " tag="752"><subfield code="a">United States</subfield><subfield code="b">Texas</subfield><subfield code="c">Shackelford</subfield><subfield code="d">Albany.</subfield></datafield><datafield ind1="0" ind2="5" tag="780"><subfield code="t">Moran news</subfield><subfield code="w">(DLC)sn 86089765</subfield></datafield><datafield ind1="1" ind2=" " tag="029"><subfield code="a">AU@</subfield><subfield code="b">000025840258</subfield></datafield></record>